@inproceedings{pichotta2014statistical,
  title={Statistical Script Learning with Multi-Argument Events.},
  author={Pichotta, Karl and Mooney, Raymond J},
  booktitle={EACL},
  volume={14},
  pages={220--229},
  year={2014}
}

@inproceedings{chambers2008unsupervised,
  title={Unsupervised Learning of Narrative Event Chains.},
  author={Chambers, Nathanael and Jurafsky, Daniel},
  booktitle={ACL},
  volume={94305},
  pages={789--797},
  year={2008},
  organization={Citeseer}
}

@inproceedings{chambers2013event,
  title={Event Schema Induction with a Probabilistic Entity-Driven Model.},
  author={Chambers, Nathanael},
  booktitle={EMNLP},
  volume={13},
  pages={1797--1807},
  year={2013}
}

@article{schank1977scripts,
  title={Scripts},
  author={Schank, Roger C and Abelson, Robert P},
  journal={Plans, Goals and Understanding},
  year={1977}
}

@InProceedings{corenlp,
  author    = {Manning, Christopher D. and  Surdeanu, Mihai  and  Bauer, John  and  Finkel, Jenny  and  Bethard, Steven J. and  McClosky, David},
  title     = {The {Stanford} {CoreNLP} Natural Language Processing Toolkit},
  booktitle = {Association for Computational Linguistics (ACL) System Demonstrations},
  year      = {2014},
  pages     = {55--60},
  url       = {http://www.aclweb.org/anthology/P/P14/P14-5010}
}

@inproceedings{depparse,
  title={A Fast and Accurate Dependency Parser using Neural Networks.},
  author={Chen, Danqi and Manning, Christopher D},
  booktitle={EMNLP},
  pages={740--750},
  year={2014}
}

@inproceedings{coref2013a,
  title={The Life and Death of Discourse Entities: Identifying Singleton Mentions.},
  author={Recasens, Marta and de Marneffe, Marie-Catherine and Potts, Christopher},
  booktitle={HLT-NAACL},
  pages={627--633},
  year={2013}
}

@misc{miller1998wordnet,
  title={Wordnet: An electronic lexical database},
  author={Miller, George and Fellbaum, Christiane},
  year={1998},
  publisher={MIT Press Cambridge}
}

@book{bird2009natural,
  title={Natural language processing with Python},
  author={Bird, Steven and Klein, Ewan and Loper, Edward},
  year={2009},
  publisher={" O'Reilly Media, Inc."}
}

@inproceedings{coref2011,
  title={Stanford's multi-pass sieve coreference resolution system at the CoNLL-2011 shared task},
  author={Lee, Heeyoung and Peirsman, Yves and Chang, Angel and Chambers, Nathanael and Surdeanu, Mihai and Jurafsky, Dan},
  booktitle={Proceedings of the Fifteenth Conference on Computational Natural Language Learning: Shared Task},
  pages={28--34},
  year={2011},
  organization={Association for Computational Linguistics}
}

@inproceedings{coref2010,
  title={A multi-pass sieve for coreference resolution},
  author={Raghunathan, Karthik and Lee, Heeyoung and Rangarajan, Sudarshan and Chambers, Nathanael and Surdeanu, Mihai and Jurafsky, Dan and Manning, Christopher},
  booktitle={Proceedings of the 2010 Conference on Empirical Methods in Natural Language Processing},
  pages={492--501},
  year={2010},
  organization={Association for Computational Linguistics}
}

@article{coref2013b,
  title={Deterministic coreference resolution based on entity-centric, precision-ranked rules},
  author={Lee, Heeyoung and Chang, Angel and Peirsman, Yves and Chambers, Nathanael and Surdeanu, Mihai and Jurafsky, Dan},
  journal={Computational Linguistics},
  volume={39},
  number={4},
  pages={885--916},
  year={2013},
  publisher={MIT Press}
}

@inproceedings{rudinger2015script,
  title={Script induction as language modeling},
  author={Rudinger, Rachel and Rastogi, Pushpendre and Ferraro, Francis and Van Durme, Benjamin},
  booktitle={Proceedings of the 2015 Conference on Empirical Methods in Natural Language Processing (EMNLP-15)},
  year={2015}
}

@article{mostafazadeh2016corpus,
  title={A corpus and cloze evaluation for deeper understanding of commonsense stories},
  author={Mostafazadeh, Nasrin and Chambers, Nathanael and He, Xiaodong and Parikh, Devi and Batra, Dhruv and Vanderwende, Lucy and Kohli, Pushmeet and Allen, James},
  journal={Proceedings of NAACL HLT, San Diego, California, June. Association for Computational Linguistics},
  year={2016}
}

@online{dinnersfromhell,
  editor = {Gregg Rottler},
  title = {Dinners from Hell},
  year = 2007,
  url = {http://www.dinnersfromhell.com},
  urldate = {2016-04-01}
}

@article{rudinger2015learning,
  title={Learning to predict script events from domain-specific text},
  author={Rudinger, Rachel and Demberg, Vera and Modi, Ashutosh and Van Durme, Benjamin and Pinkal, Manfred},
  journal={Lexical and Computational Semantics (* SEM 2015)},
  pages={205},
  year={2015}
}

@inproceedings{li2013story,
  title={Story Generation with Crowdsourced Plot Graphs.},
  author={Li, Boyang and Lee-Urban, Stephen and Johnston, George and Riedl, Mark},
  booktitle={AAAI},
  year={2013}
}

@inproceedings{lin2004automatic,
  title={Automatic evaluation of machine translation quality using longest common subsequence and skip-bigram statistics},
  author={Lin, Chin-Yew and Och, Franz Josef},
  booktitle={Proceedings of the 42nd Annual Meeting on Association for Computational Linguistics},
  pages={605},
  year={2004},
  organization={Association for Computational Linguistics}
}

@inproceedings{manning2014stanford,
  title={The Stanford CoreNLP Natural Language Processing Toolkit.},
  author={Manning, Christopher D and Surdeanu, Mihai and Bauer, John and Finkel, Jenny Rose and Bethard, Steven and McClosky, David},
  booktitle={ACL (System Demonstrations)},
  pages={55--60},
  year={2014}
}

@inproceedings{huang2013learning,
  title={Learning deep structured semantic models for web search using clickthrough data},
  author={Huang, Po-Sen and He, Xiaodong and Gao, Jianfeng and Deng, Li and Acero, Alex and Heck, Larry},
  booktitle={Proceedings of the 22nd ACM international conference on Conference on information \& knowledge management},
  pages={2333--2338},
  year={2013},
  organization={ACM}
}